@misc{igraph2023,
  author       = {Gabor Csardi and Tamas Nepusz},
  title        = {igraph - Network Analysis and Visualization},
  year         = 2023,
  url          = {https://r.igraph.org/articles/igraph.html},
  note         = {Accessed: 2023-11-13},
}