@article{christakis2007spread,
  title={The spread of obesity in a large social network over 32 years},
  author={Christakis, Nicholas A. and Fowler, James H.},
  journal={New England Journal of Medicine},
  volume={357},
  number={4},
  pages={370--379},
  year={2007},
  publisher={Massachusetts Medical Society},
  doi={10.1056/NEJMsa066082},
  url={https://doi.org/10.1056/NEJMsa066082},
  pmid={17652652}
}

@article{Rand2011,
  title = {Dynamic social networks promote cooperation in experiments with humans},
  author = {D.G. Rand and S. Arbesman and N.A. Christakis},
  journal = {Proceedings of the National Academy of Sciences of the United States of America},
  volume = {108},
  number = {48},
  pages = {19193--19198},
  year = {2011},
  doi = {10.1073/pnas.1108243108},
  url = {https://doi.org/10.1073/pnas.1108243108}
}