@manual{Pebesma_sf_2024,
  author = {Edzer Pebesma},
  title = {Simple Features for R},
  year = {2024},
  url = {https://r-spatial.github.io/sf/articles/sf1.html},
  note = {Accessed: 2024-11-01}
}