@book{little2014statistical,
  title     = {Statistical Analysis with Missing Data},
  author    = {Little, Roderick J. A. and Rubin, Donald B.},
  year      = {2014},
  publisher = {John Wiley \& Sons},
  edition   = {3rd},
  address   = {Hoboken, NJ},
  isbn      = {978-0-470-52633-4}
}


@article{Galimard2018,
  author    = {Galimard, Jean-Emmanuel and Chevret, Sylvie and Curis, Emmanuel and Resche-Rigon, Matthieu},
  title     = {Heckman imputation models for binary or continuous MNAR outcomes and MAR predictors},
  journal   = {BMC Medical Research Methodology},
  year      = {2018},
  volume    = {18},
  number    = {1},
  pages     = {90},
  doi       = {10.1186/s12874-018-0547-1},
  url       = {https://doi.org/10.1186/s12874-018-0547-1},
  publisher = {Springer Nature}
}​⬤
